<record><leader>00000cas a22000007a 4500</leader><controlfield tag="001">25558007</controlfield><controlfield tag="008">920330d189u1898ctuwr ne      0    0eng d</controlfield><datafield ind1=" " ind2=" " tag="010"><subfield code="a">sn 92051204 </subfield></datafield><datafield ind1=" " ind2=" " tag="040"><subfield code="a">CNW</subfield><subfield code="b">eng</subfield><subfield code="c">CNW</subfield><subfield code="d">OCLCQ</subfield><subfield code="d">OCLCF</subfield><subfield code="d">OCLCO</subfield></datafield><datafield ind1="1" ind2=" " tag="029"><subfield code="a">AU@</subfield><subfield code="b">000020738849</subfield></datafield><datafield ind1=" " ind2=" " tag="042"><subfield code="a">msc</subfield></datafield><datafield ind1=" " ind2=" " tag="043"><subfield code="a">n-us-ct</subfield></datafield><datafield ind1="0" ind2=" " tag="130"><subfield code="a">Star (Bridgeport, Conn. : 1893)</subfield></datafield><datafield ind1="1" ind2="4" tag="245"><subfield code="a">The star.</subfield></datafield><datafield ind1="3" ind2="0" tag="246"><subfield code="a">Free Bridgeport star</subfield></datafield><datafield ind1="1" ind2="7" tag="246"><subfield code="a">Bridgeport weekly star</subfield></datafield><datafield ind1="1" ind2="7" tag="246"><subfield code="a">May's star</subfield></datafield><datafield ind1=" " ind2=" " tag="260"><subfield code="a">Bridgeport, Conn. :</subfield><subfield code="b">Wm. H. May</subfield></datafield><datafield ind1=" " ind2=" " tag="300"><subfield code="a">v.</subfield></datafield><datafield ind1=" " ind2=" " tag="310"><subfield code="a">Weekly</subfield></datafield><datafield ind1="0" ind2=" " tag="362"><subfield code="a">-v. 30, no. 52 (Mar. 19, 1898).</subfield></datafield><datafield ind1=" " ind2=" " tag="500"><subfield code="a">"Free [picture of a bridge] port" appears in title ornament.</subfield></datafield><datafield ind1=" " ind2=" " tag="515"><subfield code="a">Issues for &lt;Mar. 23, 1895&gt; also called: New ser.</subfield></datafield><datafield ind1=" " ind2=" " tag="580"><subfield code="a">"Boneville trumpet consolidated."</subfield></datafield><datafield ind1=" " ind2=" " tag="588"><subfield code="a">Description based on: Vol. 2, no. 49 (Apr. 8, 1893).</subfield></datafield><datafield ind1=" " ind2="0" tag="651"><subfield code="a">Bridgeport (Conn.)</subfield><subfield code="v">Newspapers.</subfield></datafield><datafield ind1=" " ind2="7" tag="655"><subfield code="a">Newspapers.</subfield><subfield code="2">fast</subfield><subfield code="0">(OCoLC)fst01423814</subfield></datafield><datafield ind1=" " ind2="7" tag="651"><subfield code="a">Connecticut</subfield><subfield code="z">Bridgeport.</subfield><subfield code="2">fast</subfield><subfield code="0">(OCoLC)fst01209541</subfield></datafield><datafield ind1=" " ind2=" " tag="752"><subfield code="a">United States</subfield><subfield code="b">Connecticut</subfield><subfield code="c">Fairfield</subfield><subfield code="d">Bridgeport.</subfield></datafield><datafield ind1="0" ind2="0" tag="780"><subfield code="t">Bridgeport star (Bridgeport, Conn. : 1890)</subfield><subfield code="w">(DLC)sn 92051203</subfield><subfield code="w">(OCoLC)25558002</subfield></datafield><datafield ind1="0" ind2="0" tag="785"><subfield code="t">Bridgeport star (Bridgeport, Conn. : 1898)</subfield><subfield code="w">(DLC)sn 92051205</subfield><subfield code="w">(OCoLC)25558047</subfield></datafield><datafield ind1="1" ind2=" " tag="787"><subfield code="t">Boneville trumpet</subfield><subfield code="w">(DLC)sn 92051210</subfield></datafield></record>